<record><leader>00000cas a22000007a 4500</leader><controlfield tag="001">20744949</controlfield><controlfield tag="008">891207d190u19uumduwr ne      0    0eng d</controlfield><datafield ind1=" " ind2=" " tag="010"><subfield code="a">sn 89060395 </subfield></datafield><datafield ind1=" " ind2=" " tag="040"><subfield code="a">MFN</subfield><subfield code="b">eng</subfield><subfield code="c">MFN</subfield><subfield code="d">OCLCQ</subfield></datafield><datafield ind1=" " ind2=" " tag="042"><subfield code="a">msc</subfield></datafield><datafield ind1="0" ind2="4" tag="245"><subfield code="a">The Myersville monitor.</subfield></datafield><datafield ind1=" " ind2=" " tag="260"><subfield code="a">Myersville, Md. :</subfield><subfield code="b">Monitor Pub. Co.</subfield></datafield><datafield ind1=" " ind2=" " tag="300"><subfield code="a">v.</subfield></datafield><datafield ind1=" " ind2=" " tag="310"><subfield code="a">Weekly</subfield></datafield><datafield ind1=" " ind2=" " tag="588"><subfield code="a">Description based on: Vol. 12, no. 13 (Feb. 25, 1904).</subfield></datafield><datafield ind1=" " ind2=" " tag="752"><subfield code="a">United States</subfield><subfield code="b">Maryland</subfield><subfield code="c">Frederick</subfield><subfield code="d">Myersville.</subfield></datafield><datafield ind1="0" ind2="0" tag="780"><subfield code="t">Monitor (Myersville, Md.)</subfield><subfield code="w">(DLC)sn 89060394</subfield></datafield></record>